<record><leader>00000cas a22000007a 4500</leader><controlfield tag="001">10989744</controlfield><controlfield tag="008">840726d18681876mauwr ne      0   a0eng d</controlfield><datafield ind1=" " ind2=" " tag="010"><subfield code="a">sn 84023755 </subfield></datafield><datafield ind1=" " ind2=" " tag="040"><subfield code="a">AQM</subfield><subfield code="b">eng</subfield><subfield code="c">AQM</subfield><subfield code="d">NPX</subfield><subfield code="d">NPU</subfield><subfield code="d">MGN</subfield><subfield code="d">OCLCQ</subfield></datafield><datafield ind1=" " ind2=" " tag="042"><subfield code="a">msc</subfield></datafield><datafield ind1="0" ind2=" " tag="130"><subfield code="a">Suffolk County journal (Boston, Mass.)</subfield></datafield><datafield ind1="1" ind2="0" tag="245"><subfield code="a">Suffolk County journal.</subfield></datafield><datafield ind1="1" ind2="3" tag="246"><subfield code="a">Suffolk journal</subfield></datafield><datafield ind1=" " ind2=" " tag="260"><subfield code="a">Roxbury [Boston], Mass. :</subfield><subfield code="b">Geo. H. Monroe,</subfield><subfield code="c">1868-1876.</subfield></datafield><datafield ind1=" " ind2=" " tag="300"><subfield code="a">v. ;</subfield><subfield code="c">72 cm.</subfield></datafield><datafield ind1=" " ind2=" " tag="310"><subfield code="a">Weekly</subfield></datafield><datafield ind1="0" ind2=" " tag="362"><subfield code="a">Vol. 19, no. 51 (Jan. 11, 1868)-v. 28, no. 14 (Apr. 15, 1876).</subfield></datafield><datafield ind1=" " ind2=" " tag="500"><subfield code="a">Published as: Suffolk journal, Jan. 4-11, 1873.</subfield></datafield><datafield ind1=" " ind2=" " tag="500"><subfield code="a">"A local paper for Roxbury, South End and Dorchester."</subfield></datafield><datafield ind1=" " ind2=" " tag="500"><subfield code="a">Proprietor: L.B. Weston, &lt;1873&gt;.</subfield></datafield><datafield ind1=" " ind2=" " tag="500"><subfield code="a">Editors: G.H. Monroe, 1868-&lt;1869&gt;; Fred. H. Allen, &lt;1869-1870&gt;; L.B. Weston, &lt;1870-1873&gt;; S.T. Cobb, &lt;1873&gt;-1876.</subfield></datafield><datafield ind1=" " ind2=" " tag="500"><subfield code="a">Publishers: G.H. Monroe, 1868-&lt;1869&gt;; Allen &amp; Shailer, &lt;1869&gt;; Fred. H. Allen &amp; Co., &lt;1869-1870&gt;; Macomber, Sexton &amp; Co., &lt;1871-1873&gt;; Samuel T. Cobb, &lt;1873&gt;; Samuel T. Cobb &amp; Co., &lt;1874&gt;-1876.</subfield></datafield><datafield ind1=" " ind2=" " tag="500"><subfield code="a">Published in: Boston Highlands [Boston], Mass., &lt;Oct. 31, 1868&gt;-1876.</subfield></datafield><datafield ind1=" " ind2=" " tag="752"><subfield code="a">United States</subfield><subfield code="b">Massachusetts</subfield><subfield code="c">Suffolk</subfield><subfield code="d">Boston.</subfield></datafield><datafield ind1=" " ind2=" " tag="752"><subfield code="a">United States</subfield><subfield code="b">Massachusetts</subfield><subfield code="c">Suffolk</subfield><subfield code="d">Roxbury.</subfield></datafield><datafield ind1=" " ind2=" " tag="752"><subfield code="a">United States</subfield><subfield code="b">Massachusetts</subfield><subfield code="c">Suffolk</subfield><subfield code="d">Boston Highlands.</subfield></datafield><datafield ind1="0" ind2="0" tag="780"><subfield code="t">Norfolk County journal</subfield><subfield code="w">(DLC)sn 83020312</subfield></datafield><datafield ind1="0" ind2="0" tag="785"><subfield code="t">Boston home journal</subfield><subfield code="w">(DLC)sn 87090545</subfield></datafield></record>